% This file was created with JabRef 2.9.2.
% Encoding: Cp1252

@BOOK{Applebaum1996,
  title = {Probability And Information: An Integrated Approach},
  publisher = {Cambridge University Press},
  year = {1996},
  author = {Applebaum, David}
}

@ARTICLE{Berglund2000,
  author = {Berglund, Anders},
  title = {Sex Role Reversal In A Pipefish: Female Ornaments As Amplifying Handicaps},
  journal = {Ann. Zool. Fenn.},
  year = {2000},
  volume = {37},
  pages = {1-13}
}

@ARTICLE{Berglund2001,
  author = {Berglund, Anders And Gunilla Rosenqvist},
  title = {Male Pipefish Prefer Ornamented Females},
  journal = {Anim. Behav.},
  year = {2001},
  volume = {61},
  pages = {345-350},
  doi = {10.1006/anbe.2000.1599}
}

@ARTICLE{Bogaardt2016,
  author = {Bogaardt, Laurens And Rufus A Johnstone},
  title = {Handicap Signalling Combined With A Quality Cue},
  journal = {In Preperation},
  year = {2016}
}

@ARTICLE{Bogaardt2016a,
  author = {Bogaardt, Laurens And Rufus A Johnstone},
  title = {Observable Amplification And Game Theory},
  journal = {In Preperation},
  year = {2016}
}

@ARTICLE{Brooks1996,
  author = {Brooks, Robert},
  title = {Melanin As A Visual Signal Amplifier In Male Guppies},
  journal = {Naturwissenschaften},
  year = {1996},
  pages = {39-41}
}

@ARTICLE{Brooks1995,
  author = {Brooks, Robert And Caithness, Neil},
  title = {Female Choice In A Feral Guppy Population: Are There Multiple Cues?},
  journal = {Anim. Behav.},
  year = {1995},
  pages = {301-307}
}

@ARTICLE{Candolin2003,
  author = {Candolin, Ulrika},
  title = {The Use Of Multiple Cues In Mate Choice.},
  journal = {Biol. Rev.},
  year = {2003},
  pages = {575-95}
}

@ARTICLE{Castellano2010,
  author = {Castellano, Sergio And Paolo Cermelli},
  title = {Attractive Amplifiers In Sexual Selection: Where Efficacy Meets Honesty},
  journal = {Evol Ecol},
  year = {2010},
  volume = {24},
  pages = {1187-1197},
  doi = {10.1007/s10682-009-9338-9}
}

@ARTICLE{Dakin2011,
  author = {Dakin, Roslyn And Robert Montgomerie},
  title = {Peahens Prefer Peacocks Displaying More Eyespots, But Rarely},
  journal = {Anim. Behav.},
  year = {2011},
  pages = {21-28},
  doi = {10.1016/j.anbehav.2011.03.016},
  publisher = {Elsevier Ltd}
}

@ARTICLE{Fawcett2003,
  author = {Fawcett, Tim W And Johnstone, Rufus A},
  title = {Optimal Assessment Of Multiple Cues},
  journal = {Proc. R. Soc. B},
  year = {2003},
  pages = {1637-1643},
  doi = {10.1098/rspb.2003.2328}
}

@ARTICLE{Ferns2004,
  author = {Ferns, Peter N. And Hinsley, Shelley A.},
  title = {Immaculate Tits: Head Plumage Pattern As An Indicator Of Quality
	In Birds},
  journal = {Anim. Behav.},
  year = {2004},
  volume = {67},
  pages = {261-272},
  doi = {10.1016/j.anbehav.2003.05.006}
}

@ARTICLE{Galvan2008,
  author = {Galv\'{A}n, Ismael And Sanz, Juan Jos\'{E}},
  title = {The Cheek Plumage Patch Is An Amplifier Of Dominance In Great Tits.},
  journal = {Biol. Lett.},
  year = {2008},
  volume = {4},
  pages = {12-5},
  doi = {10.1098/rsbl.2007.0504}
}

@ARTICLE{Godfray1991,
  author = {Godfray, H. C. J.},
  title = {Signalling Of Need By Offspring To Their Parents},
  journal = {Nature},
  year = {1991},
  pages = {328-330},
  doi = {10.1038/352328a0}
}

@ARTICLE{Grafen1990,
  author = {Grafen, Alan},
  title = {Biological Signals As Handicaps},
  journal = {J. Theor. Biol.},
  year = {1990},
  volume = {144},
  pages = {517-546},
  doi = {10.1016/s0022-5193(05)80088-8}
}

@ARTICLE{Grafen1990a,
  author = {Grafen, Alan},
  title = {Sexual Selection Unhandicapped By The Fisher Process},
  journal = {J. Theor. Biol.},
  year = {1990},
  volume = {144},
  pages = {473-516},
  doi = {10.1016/s0022-5193(05)80087-6}
}

@ARTICLE{Grether1997,
  author = {Grether, Gregory F.},
  title = {Survival Cost Of An Intrasexually Selected Ornament In A Damselfly},
  journal = {Proc. R. Soc. B},
  year = {1997},
  pages = {207-210}
}

@ARTICLE{Grether1996,
  author = {Grether, Gregory F.},
  title = {Intrasexual Competition Alone Favors A Sexually Dimorphic Ornament
	In The Rubyspot Damselfly Hetaerina Americana},
  journal = {Evolution},
  year = {1996},
  pages = {1949-1957}
}

@ARTICLE{Grether1996a,
  author = {Grether, Gregory F.},
  title = {Sexual Selection And Survival Selection On Wing Coloration And Body
	Size In The Rubyspot Damselfly Hetaerina Americana},
  journal = {Evolution},
  year = {1996},
  pages = {1939-1948}
}

@ARTICLE{Grether1996b,
  author = {Grether, Gregory F. And Grey, Richard M.},
  title = {Novel Cost Of A Sexually Selected Trait In The Rubyspot Damselfly
	Hetaerina Americana: Conspicuousness To Prey},
  journal = {Behav. Ecol.},
  year = {1996},
  pages = {465-473}
}

@ARTICLE{Gualla2008,
  author = {Gualla, Filippo And Cermelli, Paolo And Castellano, Sergio},
  title = {Is There A Role For Amplifiers In Sexual Selection?},
  journal = {J. Theor. Biol.},
  year = {2008},
  volume = {252},
  pages = {255-271},
  doi = {10.1016/j.jtbi.2008.02.019}
}

@ARTICLE{Guilford1991,
  author = {Guilford, Tim And Dawkins, Marian},
  title = {Receiver Psychology And The Evolution Of Animal Signals},
  journal = {Anim. Behav.},
  year = {1991},
  volume = {42},
  pages = {1-14},
  doi = {10.1016/s0003-3472(05)80600-1}
}

@ARTICLE{Hasson1994,
  author = {Oren Hasson},
  title = {Cheating Signals},
  journal = {J. Theor. Biol.},
  year = {1994},
  volume = {167},
  pages = {223-238},
  doi = {10.1006/jtbi.1994.1065}
}

@ARTICLE{Hasson1991,
  author = {Hasson, Oren},
  title = {Sexual Displays As Amplifiers: Practical Examples With An Emphasis
	On Feather Decorations},
  journal = {Behav. Ecol.},
  year = {1991},
  volume = {2},
  pages = {189-197},
  doi = {10.1093/beheco/2.3.189}
}

@ARTICLE{Hasson1990,
  author = {Hasson, Oren},
  title = {The Role Of Amplifiers In Sexual Selection: An Integration Of The
	Amplifying And The Fisherian Mechanisms},
  journal = {Evol. Ecol.},
  year = {1990},
  volume = {4},
  pages = {277-289},
  doi = {10.1007/bf02270927}
}

@ARTICLE{Hasson1989,
  author = {Hasson, Oren},
  title = {Amplifiers And The Handicap Principle In Sexual Selection: A Different
	Emphasis},
  journal = {Proc. R. Soc. B},
  year = {1989},
  volume = {235},
  pages = {383-406},
  doi = {10.1098/rspb.1989.0006}
}

@ARTICLE{Hasson1992,
  author = {Hasson, Oren And Cohen, Dan And Shmida, Avi},
  title = {Providing Or Hiding Information: On The Evolution Of Amplifiers And
	Attenuators Of Perceived Quality Differences},
  journal = {Acta Biotheor.},
  year = {1992},
  volume = {40},
  pages = {269-283},
  doi = {10.1007/bf00046327}
}

@ARTICLE{Heisler1984,
  author = {Heisler, I. Lorraine},
  title = {A Quantitative Genetic Model For The Origin Of Mating Preferences},
  journal = {Evolution},
  year = {1984},
  volume = {38},
  pages = {1283-1295},
  doi = {10.2307/2408635}
}

@ARTICLE{Hill1991,
  author = {Hill, Geoffrey E.},
  title = {Plumage Coloration Is A Sexually Selected Indicator Of Male Quality},
  journal = {Nature},
  year = {1991},
  pages = {337-339},
  doi = {10.1038/350337a0}
}

@ARTICLE{Hill1990,
  author = {Hill, Geoffrey E.},
  title = {Female House Finches Prefer Colourful Males: Sexual Selection For
	A Condition-Dependent Trait},
  journal = {Anim. Behav.},
  year = {1990},
  pages = {563-572},
  doi = {10.1016/s0003-3472(05)80537-8}
}

@ARTICLE{Hill1994,
  author = {Hill, Geoffrey E. And Montgomerie, R},
  title = {Plumage Colour Signals Nutritional Condition In The House Finch},
  journal = {Proc. R. Soc. B},
  year = {1994},
  pages = {47-52},
  doi = {10.1098/rspb.1994.0140}
}

@ARTICLE{Hoback1997,
  author = {Hoback, W. W. And Wagner, W. E.},
  title = {The Energetic Cost Of Calling In The Variable Field Cricket, Gryllus
	Lineaticeps},
  journal = {Physiol. Entomol.},
  year = {1997},
  pages = {286-290},
  doi = {10.1111/j.1365-3032.1997.tb01170.x}
}

@ARTICLE{Husak2006,
  author = {Husak, Jerry F. And {Kristopher Lappin}, A. And Fox, Stanley F. And
	Lemos-Espinal, Julio A.},
  title = {Bite-Force Performance Predicts Dominance In Male Venerable Collared
	Lizards (crotaphytus Antiquus)},
  journal = {Copeia},
  year = {2006},
  pages = {301-306},
  doi = {10.1643/0045-8511(2006)6[301:bppdim]2.0.co;2}
}

@ARTICLE{Jennions1997,
  author = {Jennions, M D And Petrie, M},
  title = {Variation In Mate Choice And Mating Preferences: A Review Of Causes
	And Consequences.},
  journal = {Biol. Rev.},
  year = {1997},
  volume = {72},
  pages = {283-327},
  doi = {10.1111/j.1469-185X.1997.tb00015.x}
}

@ARTICLE{Johnstone1998,
  author = {Johnstone, Rufus A},
  title = {Conspiratorial Whispers And Conspicuous Displays: Games Of Signal
	Detection},
  journal = {Evolution},
  year = {1998},
  pages = {1554-1563}
}

@ARTICLE{Johnstone1997,
  author = {Johnstone, R. A.},
  title = {Recognition And The Evolution Of Distinctive Signatures: When Does
	It Pay To Reveal Identity?},
  journal = {Proc. R. Soc. B},
  year = {1997},
  volume = {264},
  pages = {1547-1553},
  doi = {10.1098/rspb.1997.0215}
}

@ARTICLE{Johnstone1994,
  author = {Johnstone, R A},
  title = {Female Preference For Symmetrical Males As A By-Product Of Selection
	For Mate Recognition.},
  journal = {Nature},
  year = {1994},
  pages = {172-5},
  doi = {10.1038/372172a0}
}

@ARTICLE{Kilner1995,
  author = {Kilner, R.},
  title = {When Do Canary Parents Respond To Nestling Signals Of Need?},
  journal = {Proc. R. Soc. B},
  year = {1995},
  pages = {343-348},
  doi = {10.1098/rspb.1995.0102}
}

@ARTICLE{Kilner1997,
  author = {Kilner, R. And Johnstone, R. A.},
  title = {Begging The Question: Are Offspring Solicitation Behaviours Signals
	Of Need?},
  journal = {Trends Ecol. Evol.},
  year = {1997},
  pages = {11-15}
}

@ARTICLE{Kilner2001,
  author = {Kilner, R. M.},
  title = {A Growth Cost Of Begging In Captive Canary Chicks.},
  journal = {Proc. Natl. Acad. Sci. U.s.a.},
  year = {2001},
  pages = {11394-8},
  doi = {10.1073/pnas.191221798}
}

@ARTICLE{Kirkpatrick1987,
  author = {Kirkpatrick, Mark},
  title = {Sexual Selection By Female Choice In Polygynous Animals},
  journal = {Annu. Rev. Ecol. Evol. Syst.},
  year = {1987},
  volume = {18},
  pages = {43-70},
  doi = {10.1146/annurev.es.18.110187.000355}
}

@ARTICLE{Kirkpatrick1982,
  author = {Kirkpatrick, Mark},
  title = {Sexual Selection And The Evolution Of Female Choice},
  journal = {Evolution},
  year = {1982},
  volume = {36},
  pages = {1-12},
  doi = {10.2307/2407961}
}

@BOOK{Krebs2009,
  title = {Behavioural Ecology: An Evolutionary Approach},
  publisher = {John Wiley \& Sons},
  year = {2009},
  author = {Krebs, John R and Davies, Nicholas B}
}

@ARTICLE{Lappin2006,
  author = {Lappin, A Kristopher And Brandt, Yoni And Husak, Jerry F And Macedonia,
	Joseph M And Kemp, Darrell J},
  title = {Gaping Displays Reveal And Amplify A Mechanically Based Index Of
	Weapon Performance.},
  journal = {Am. Nat.},
  year = {2006},
  pages = {100-13},
  doi = {10.1086/505161}
}

@ARTICLE{Ljetoff2007,
  author = {Ljetoff, Marika And Ivar Folstad And Frode Skarstein And Nigel G.
	Yoccoz},
  title = {Zebra Stripes As An Amplifier Of Individual Quality?},
  journal = {Ann. Zool. Fenn.},
  year = {2007},
  pages = {368-376}
}

@ARTICLE{Loyau2008,
  author = {Loyau, Adeline And Marion Petrie And Michel {Saint Jalme} And Gabriele
	Sorci},
  title = {Do Peahens Not Prefer Peacocks With More Elaborate Trains?},
  journal = {Anim. Behav.},
  year = {2008},
  pages = {E5-E9},
  doi = {10.1016/j.anbehav.2008.07.021}
}

@ARTICLE{Loyau2005,
  author = {Loyau, Adeline And Michel {Saint Jalme} And Gabriele Sorci},
  title = {Intra- And Intersexual Selection For Multiple Traits In The Peacock
	(pavo Cristatus)},
  journal = {Ethology},
  year = {2005},
  pages = {810-820},
  doi = {10.1111/j.1439-0310.2005.01091.x}
}

@ARTICLE{Moller1997,
  author = {Anders Pape M{\o}ller},
  title = {Developmental Stability And Fitness: A Review.},
  journal = {Am. Nat.},
  year = {1997},
  pages = {916-32},
  doi = {10.1086/286030}
}

@BOOK{MaynardSmith2003,
  title = {Animal Signals},
  publisher = {Oxford University Press},
  year = {2003},
  author = {{Maynard Smith}, John and Harper, David}
}

@ARTICLE{MaynardSmith1995,
  author = {{Maynard Smith}, J. and Harper, David G. C.},
  title = {Animal Signals: Models And Terminology},
  journal = {J. Theor. Biol.},
  year = {1995},
  volume = {177},
  pages = {305-311},
  doi = {10.1006/jtbi.1995.0248}
}

@ARTICLE{Nicoletto1993,
  author = {Nicoletto, Paul F.},
  title = {Female Sexual Response To Condition-Dependent Ornaments In The Guppy,
	Poecilia Reticulata},
  journal = {Anim. Behav.},
  year = {1993},
  pages = {441-450},
  doi = {10.1006/anbe.1993.1213}
}

@ARTICLE{Petrie1994,
  author = {Petrie, Marion And Tim Halliday},
  title = {Experimental And Natural Changes In The Peacock's (pavo Cristatus)
	Train Can Affect Mating Success},
  journal = {Behav. Ecol. Sociobiol.},
  year = {1994},
  pages = {213-217},
  doi = {10.1007/bf00167962}
}

@ARTICLE{Petrie1991,
  author = {Petrie, Marion And Tim Halliday And Carolyn Sanders},
  title = {Peahens Prefer Peacocks With Elaborate Trains},
  journal = {Anim. Behav.},
  year = {1991},
  pages = {323-331},
  doi = {10.1016/s0003-3472(05)80484-1}
}

@ARTICLE{Pomiankowski1987,
  author = {Pomiankowski, Andrew},
  title = {Sexual Selection: The Handicap Principle Does Work - Sometimes},
  journal = {Proc. R. Soc. B},
  year = {1987},
  volume = {231},
  pages = {123-145},
  doi = {10.1098/rspb.1987.0038}
}

@ARTICLE{Rodd2002,
  author = {Rodd, F. Helen And Kimberly A. Hughes And Gregory F. Grether And
	Colette T. Baril},
  title = {A Possible Non-Sexual Origin Of Mate Preference: Are Male Guppies
	Mimicking Fruit?},
  journal = {Proc. R. Soc. B},
  year = {2002},
  volume = {269},
  pages = {475-481},
  doi = {10.1098/rspb.2001.1891}
}

@ARTICLE{Spence1973,
  author = {Spence, Michael},
  title = {Job Market Signaling},
  journal = {Q. J. Econ.},
  year = {1973},
  volume = {87},
  pages = {355-374},
  doi = {10.2307/1882010}
}

@ARTICLE{Takahashi2008,
  author = {Takahashi, Mariko And Hiroyuki Arita And Mariko Hiraiwa-Hasegawa
	And Toshikazu Hasegawa},
  title = {Peahens Do Not Prefer Peacocks With More Elaborate Trains},
  journal = {Anim. Behav.},
  year = {2008},
  pages = {1209-1219},
  doi = {10.1016/j.anbehav.2007.10.004}
}

@ARTICLE{Taylor2000,
  author = {Taylor, Phillip W. And Oren Hasson And David L. Clark},
  title = {Body Postures And Patterns As Amplifiers Of Physical Condition.},
  journal = {Proc. R. Soc. B},
  year = {2000},
  volume = {267},
  pages = {917-922},
  doi = {10.1098/rspb.2000.1090}
}

@ARTICLE{Wagenmakers2007,
  author = {Wagenmakers, Eric-Jan And Han L. J. {Van Der Maas} And Raoul P. P.
	P. Grasman},
  title = {An Ez-Diffusion Model For Response Time And Accuracy},
  journal = {Psychon. Bull. Rev.},
  year = {2007},
  pages = {3-22}
}

@ARTICLE{Wagner2013,
  author = {Wagner, Elliott},
  title = {The Dynamics Of Costly Signaling},
  journal = {Games},
  year = {2013},
  pages = {163-181},
  doi = {10.3390/g4020163}
}

@ARTICLE{Wagner1996,
  author = {Wagner, W. E.},
  title = {Convergent Song Preferences Between Female Field Crickets And Acoustically
	Orienting Parasitoid Flies},
  journal = {Behav. Ecol.},
  year = {1996},
  pages = {279-]-285},
  doi = {10.1093/beheco/7.3.279}
}

@ARTICLE{Wagner1999,
  author = {Wagner, W. E. And Hoback, W. W.},
  title = {Nutritional Effects On Male Calling Behaviour In The Variable Field
	Cricket.},
  journal = {Anim. Behav.},
  year = {1999},
  pages = {89-95},
  doi = {10.1006/anbe.1998.0964}
}

@INBOOK{West-Eberhard1984,
  chapter = {Sexual Selection, Competitive Communication And Species-Specific
	Signals In Insects},
  pages = {283-324},
  title = {Insect Communication},
  publisher = {Academic Press},
  year = {1984},
  editor = {Lewis, Trevor},
  author = {West-Eberhard, Mary Jane}
}

@ARTICLE{Yasmin1996,
  author = {Yasmin, Shahla And Hafiz Shaeque Ahmad Yahya},
  title = {Correlates Of Mating Success In Indian Peafowl},
  journal = {Auk},
  year = {1996},
  pages = {490-492}
}

@ARTICLE{Zahavi1978,
  author = {Zahavi, Amotz},
  title = {Decorative Patterns And The Evolution Of Art},
  journal = {New Sci.},
  year = {1978},
  pages = {182-184}
}

@ARTICLE{Zahavi1977,
  author = {Zahavi, Amotz},
  title = {The Cost Of Honesty: Further Remarks On The Handicap Principle},
  journal = {J. Theor. Biol.},
  year = {1977},
  volume = {67},
  pages = {603-605},
  doi = {10.1016/0022-5193(77)90061-3}
}

@ARTICLE{Zahavi1975,
  author = {Zahavi, Amotz},
  title = {Mate Selection - A Selection For A Handicap},
  journal = {J. Theor. Biol.},
  year = {1975},
  volume = {53},
  pages = {205-214},
  doi = {10.1016/0022-5193(75)90111-3}
}

@comment{jabref-meta: databaseType:bibtex;}

